%% This BibTeX bibliography file was created using BibDesk.
%% http://bibdesk.sourceforge.net/


%% Created for Hamish at 2018-05-04 08:35:02 +0200 


%% Saved with string encoding Unicode (UTF-8) 


@comment{$ biblatex control file $}
@comment{$ biblatex version 2.8 $}



@article{examplebib,
	Author = {Some Author},
	Date-Added = {2018-05-04 06:34:27 +0000},
	Date-Modified = {2018-05-04 06:34:52 +0000},
	Journal = {Some Journal},
	Title = {Some Title},
	Year = {1900}}
